% Copyright (C) 2025 Bill C. Riemers
% SPDX-License-Identifier: CC-BY-4.0
%
% Licensed under the Creative Commons Attribution 4.0 International License.
% You may obtain a copy of the License at:
%     https://creativecommons.org/licenses/by/4.0/
%
% You are free to:
%   - Share — copy and redistribute the material in any medium or format
%   - Adapt — remix, transform, and build upon the material for any purpose
% Under the following terms:
%   - Attribution — You must give appropriate credit, provide a link to the license,
%     and indicate if changes were made.

@book{HalberstamRichert1974,
  author    = {H. Halberstam and H.-E. Richert},
  title     = {Sieve Methods},
  publisher = {Academic Press},
  address   = {London},
  year      = {1974}
}

@book{IwaniecKowalski2004,
  author    = {Henryk Iwaniec and Emmanuel Kowalski},
  title     = {Analytic Number Theory},
  series    = {American Mathematical Society Colloquium Publications},
  volume    = {53},
  publisher = {American Mathematical Society},
  address   = {Providence, RI},
  year      = {2004}
}

@book{GoldbachSurvey,
  author    = {Richard K. Guy},
  title     = {Unsolved Problems in Number Theory},
  edition   = {3},
  publisher = {Springer},
  year      = {2004}
}

@book{Ribenboim1991,
  author    = {Paulo Ribenboim},
  title     = {The Little Book of Big Primes},
  publisher = {Springer},
  year      = {1991}
}

@misc{Song2008,
  author = {Jingrun Song},
  title  = {Sifting Function Partition for the Selberg Sieve and Goldbach Problem},
  year   = {2008},
  eprint = {0801.0786},
  archivePrefix = {arXiv},
  primaryClass = {math.NT},
  url    = {https://arxiv.org/abs/0801.0786}
}

@book{MontgomeryVaughan2007,
  author    = {Hugh L. Montgomery and Robert C. Vaughan},
  title     = {Multiplicative Number Theory I: Classical Theory},
  series    = {Cambridge Studies in Advanced Mathematics},
  volume    = {97},
  publisher = {Cambridge University Press},
  year      = {2007}
}

@book{Harman2007,
  author = {Harman, Glyn},
  title  = {Prime-Detecting Sieves},
  series = {London Mathematical Society Monographs},
  year   = {2007},
  publisher = {Princeton University Press}
}

@article{Mertens1874,
  author  = {Ferdinand Mertens},
  title   = {Ein Beitrag zur analytischen Zahlentheorie},
  journal = {Journal f{"u}r die reine und angewandte Mathematik},
  volume  = {78},
  year    = {1874},
  pages   = {46--62},
  doi     = {10.1515/crll.1874.78.46}
}

@article{OliveiraESilva2014,
  author    = {Tom{\'a}s Oliveira e Silva and Siegfried Herzog and Silvio Pardi},
  title     = {Empirical verification of the even Goldbach conjecture and computation of prime gaps up to {$4\cdot 10^{18}$}},
  journal   = {Mathematics of Computation},
  fjournal  = {Mathematics of Computation},
  volume    = {83},
  number    = {288},
  year      = {2014},
  month     = {July},
  pages     = {2033--2060},
  doi       = {10.1090/S0025-5718-2013-02787-1},
  url       = {https://www.ams.org/mcom/2014-83-288/S0025-5718-2013-02787-1/},
  mrnumber  = {3194140}
}

@article{HardyLittlewood1923,
  author       = {G. H. Hardy and J. E. Littlewood},
  title        = {Some Problems of `{Partitio Numerorum}'; {III}: On the Expression of a Number as a Sum of Primes},
  journal      = {Acta Mathematica},
  volume       = {44},
  number       = {1},
  pages        = {1--70},
  year         = {1923},
  doi          = {10.1007/BF02403921}
}

@article{Chen1973,
  author    = {Chen, Jingrun},
  title     = {On the representation of a large even integer as the sum of a prime and the product of at most two primes},
  journal   = {Sci. Sinica},
  volume    = {16},
  pages     = {157–176},
  year      = {1973},
  language  = {English},
  note      = {Seminal paper proving every sufficiently large even integer is the sum of a prime and a semiprime}
}

@article{Dusart2010,
  author    = {Dusart, Pierre},
  title     = {Estimates of some functions over primes without {RH}},
  journal   = {arXiv Mathematics e-prints},
  eprint    = {1002.0442},
  archivePrefix = {arXiv},
  primaryClass = {math.NT},
  year      = {2010},
  month     = {Feb},
  note      = {Provides explicit bounds for $\pi(x)$, $\theta(x)$, $\psi(x)$ and related prime sums}
}

@article{RosserSchoenfeld1962,
  author  = {J. Barkley Rosser and Lowell Schoenfeld},
  title   = {Approximate formulas for some functions of prime numbers},
  journal = {Illinois Journal of Mathematics},
  volume  = {6},
  number  = {1},
  year    = {1962},
  pages   = {64--94},
  doi     = {10.1215/ijm/1255631807}
}

@book{Riesel1994,
  author       = {Hans Riesel},
  title        = {Prime Numbers and Computer Methods for Factorization},
  series       = {Progress in Mathematics},
  volume       = {126},
  edition      = {2nd},
  publisher    = {Birkhäuser},
  address      = {Boston, MA},
  year         = {1994},
  isbn         = {0-8176-3743-5},
  note         = {MR95h:11142},
}

@book{FriedlanderIwaniec2010,
  author    = {John Friedlander and Henryk Iwaniec},
  title     = {Opera de Cribro},
  series    = {American Mathematical Society Colloquium Publications},
  volume    = {57},
  publisher = {American Mathematical Society},
  address   = {Providence, RI},
  year      = {2010}
}

@book{Vaughan1997,
  author    = {R. C. Vaughan},
  title     = {The Hardy--Littlewood Method},
  edition   = {2},
  publisher = {Cambridge University Press},
  year      = {1997}
}

@article{MontgomerySoundararajan2004,
  author    = {Montgomery, Hugh and Soundararajan, Kannan},
  title     = {Distribution of primes in short intervals},
  journal   = {International Mathematics Research Notices},
  volume    = {2004},
  number    = {1},
  year      = {2004},
  pages     = {1--36},
  doi       = {10.1155/S1073792804131956}
}

@article{GranvilleSoundararajan2007,
  author    = {Granville, Andrew and Soundararajan, Kannan},
  title     = {The distribution of prime numbers},
  journal   = {Proceedings of the International Congress of Mathematicians},
  volume    = {1},
  year      = {2007},
  pages     = {336--357},
  note      = {Available at arXiv:math/0607204}
}

@article{ElliottHalberstam1968,
  author = {Elliott, P. D. T. A. and Halberstam, H.},
  title  = {A conjecture in prime number theory},
  journal= {Symposia Mathematica},
  volume = {4},
  year   = {1968},
  pages  = {59--72}
}

@misc{Riemers2025SieveGoldbach,
  author       = {Bill C. Riemers},
  title        = {Sieve-Goldbach: Source Code and Data for Sieve-Theoretic Analyses of Goldbach’s Conjecture},
  year         = {2025},
  publisher    = {Zenodo},
  doi          = {10.5281/zenodo.17161657},
  url          = {https://doi.org/10.5281/zenodo.17161657},
  note         = {Version v0.1.5}
}

